
@inproceedings{cortina,
	title = {An Introduction to Computer Science for Non-majors Using Principles of Computation},
	volume = {39},
	url = {http://dl.acm.org/citation.cfm?id=1227387},
	eventtitle = {38th {ACM} {SIGCSE}},
	pages = {218--222},
	booktitle = {Technical Symposium with Computer Science Education},
	publisher = {{ACM}},
	author = {Cortina, T},
	date = {2007-03},
	keywords = {Computer Science Non-Major}
}

@book{creswell,
	location = {Thousand Oaks, California},
	edition = {3rd},
	title = {Qualitative Inquiry \& Research Design},
	publisher = {Sage Publications},
	author = {Creswell, J},
	date = {2013}
}

@inproceedings{dodds_evaluate,
	location = {Portland, {OR}},
	title = {Evaluating a Breadth-first {CS} 1 for Scientists},
	url = {http://doi.acm.org/10.1145/1352135.1352229},
	eventtitle = {39th {SIGCSE}},
	pages = {266--270},
	booktitle = {Technical Symposium with Computer Science Education},
	publisher = {{ACM}},
	author = {Dodds, Zachary and Libeskind-Hadas, Ran and Alvarado, Christine and Kuenning, Geoff},
	date = {2008}
}

@inproceedings{dodds_breadth,
 author = {Dodds, Zachary and Alvarado, Christine and Kuenning, Geoff and Libeskind-Hadas, Ran},
 title = {Breadth-first CS 1 for Scientists},
 booktitle = {Proceedings of the 12th Annual SIGCSE Conference on Innovation and Technology in Computer Science Education},
 series = {ITiCSE '07},
 year = {2007},
 isbn = {978-1-59593-610-3},
 location = {Dundee, Scotland},
 pages = {23--27},
 numpages = {5},
 url = {},
 doi = {},
 acmid = {},
 publisher = {ACM},
 address = {New York, NY, USA},
 keywords = {CS 1 assessment, CS for scientists, introductory CS},
} 

@inproceedings{hamb,
	title = {A Multidisciplinary Approach Towards Computational Thinking for Science Majors},
	volume = {41},
	url = {http://doi.acm.org/10.1145/1539024.1508931},
	eventtitle = {{SIGCSE}},
	pages = {183--187},
	author = {Hambrusch, Susanne and Hoffmann, Christoph and Korb, John and Haugan, Mark and Hosking, Antony},
	date = {2009-03}
}

@article{rubinstein,
	title = {Computational Thinking in Life Science Education},
	volume = {10},
	url = {http://journals.plos.org/ploscompbiol/article?id=10.1371/journal.pcbi.1003897},
	number = {11},
	journaltitle = {{PLoS} Computational Biology},
	author = {Rubinstein, A and Chor, B},
	date = {2014}
}

@book{sedgewich1,
	title = {Introduction to Programming in Java},
	publisher = {Addison Wesley},
	author = {Sedgewich, R and Wayne, K},
	date = {2008}
}

@book{sedgewich2, 
  title = {Introduction to Programming in Python},
	publisher = {Addison Wesley},
	author = {Sedgewich, R and Wayne, K},
	date = {2015}
}

@inproceedings{wilson,
	location = {Portland, {OR}},
	title = {{CS}-1 for Scientists},
	url = {http://dl.acm.org/citation.cfm?id=1352151},
	eventtitle = {{SIGCSE}},
	pages = {36--37},
	booktitle = {Technical Symposium with Computer Science Education},
	publisher = {{ACM}},
	author = {Wilson, Greg and Alvarado, Christine and Campbell, Jennifer and Landau, Rubin and Sedgewich, Robert},
	date = {2008}
}

@article{wing,
	title = {Computational Thinking},
	volume = {49},
	pages = {33--35},
	number = {3},
	journaltitle = {Communications of {ACM}},
	author = {Wing, Jeannette},
	date = {2006}
}

@article{weintrop,
	title = {Defining Computational Thinking for Mathematics and Science Classrooms},
	volume = {25},
	issn = {1573-1839},
	pages = {127--147},
	number = {1},
	journaltitle = {Journal of Science Education and Technology},
	author = {Weintrop, David and Beheshti, Elham and Horn, Michael and Orton, Kai and Jona, Kemi and Trouille, Laura and Wilensky, Uri},
	date = {2016-02},
	keywords = {computation thinking}
}

@article{bootcamp,
	title = {The Quantitative Methods Boot Camp: Teaching Quantitative Thinking and Computing Skills to Graduate Students in the Life Sciences},
	volume = {11},
	pages = {1--12},
	number = {4},
	journaltitle = {{PLOS} Computational Biology},
	author = {Stefan, Melanie I. and Gutlerner, Johanna L. and Born, Richard T. and Springer, Michael},
	date = {2015},
	keywords = {graduates, life science, workshops}
}

@article{curriculum,
	title = {Catalyzing Curriculum Evolution in Graduate Science Education},
	volume = {153},
	issn = {0092-8674},
	url = {http://dx.doi.org/10.1016/j.cell.2013.04.027},
	doi = {10.1016/j.cell.2013.04.027},
	pages = {731--736},
	number = {4},
	journaltitle = {Cell},
	author = {Gutlerner, Johanna L. and Van Vactor, David},
	urldate = {2017-10-04},
	date = {2013-05},
	keywords = {graduates, computation curriculum, life science}
}


@article{fox,
	title = {Education in {Computational} {Biology} {Today} and {Tomorrow}},
	volume = {9},
	url = {https://doi.org/10.1371/journal.pcbi.1003391},
	doi = {10.1371/journal.pcbi.1003391},
	number = {12},
	journal = {PLOS Computational Biology},
	author = {Fox, Joanne A. and Ouellette, B. F. Francis},
	year = {2013},
	pages = {1--2}
}

@misc{purdue_undergrad,
	title = {New science undegraduate curriculum},
	publisher = {College of Science},
	author = {Purdue University},
	year = {2007}
}

@misc{purdue_course,
	title = {Lectures and course materials for "{Introduction} to coputational thinking"},
	url = {http://secant.cs.purdue.edu/cs190c:start},
	publisher = {Computer Science},
	author = {Purdue University},
	year = {2008}
}

@article{brazas,
	title = {Continuing {Education} {Workshops} in {Bioinformatics} {Positively} {Impact} {Research} and {Careers}},
	volume = {12},
	url = {},
	doi = {},
	abstract = {},
	number = {6},
	journal = {PLOS Computational Biology},
	author = {Brazas, Michelle D. and Ouellette, B. F. Francis},
	year = {2016},
	keywords = {life science, workshops, bioinformatics, workshop impacts},
	pages = {1--12}
}


@article{eglen,
	title = {A Quick Guide to Teaching R Programming to Computational Biology Students},
	volume = {5},
	doi = {},
	number = {8},
	journal = {PLoS Computational Biology},
	author = {Eglen, Stephen},
	year = {2009},
	pages = {1-4}
}


@article{green,
	title = {Complexity in {Ecology} and {Conservation}: {Mathematical}, {Statistical}, and {Computational} {Challenges}},
	volume = {55},
	url = {},
	doi = {},
	number = {6},
	journal = {BioScience},
	author = {Green, Jessica L. and Hastings, Alan and Arzberger, Peter and Ayala, Francisco J. and Cottingham, Kathryn L. and Cuddington, Kim and Davis, Frank and Dunne, Jennifer A. and Fortin, Marie-Josée and Gerber, Leah and Neubert, Michael},
	year = {2005},
	keywords = {computation curriculum, ecology},
	pages = {501--510}
}

@article{green,
author = {Green, Jessica L. and Hastings, Alan and Arzberger, Peter and Ayala, Francisco J. and Cottingham, Kathryn L. and Cuddington, Kim and Davis, Frank and Dunne, Jennifer A. and Fortin, Marie-Josée and Gerber, Leah and Neubert, Michael},
title = {Complexity in Ecology and Conservation: Mathematical, Statistical, and Computational Challenges},
journal = {BioScience},
volume = {55},
number = {6},
pages = {501-510},
year = {2005}
}

@article{hutchins, 
author = {Hollan, James and Hutchins, Edwin and Kirsh, David}, 
title = {Distributed Cognition: Toward a New Foundation for Human-Computer Interaction Research}, 
journal = {ACM transactions on Computer-Human Interaction}, 
volume = {7}, 
number = {2}, 
year = {2000}, 
pages = {174-196}
}

@article{hampton, 
author = {Hampton, Stephanie E. and Jones, Matthew B. and Wasser, Leah A. and Schildhauer, Mark P. and Supp, Sarah R. and Brun, Julien and Hernandez, Rebecca R. and Boettiger, Carl and Collins, Scott L. and Gross, Louis J. and Fernandez, Denny S. and Budden, Amber and White, Ethan P. and Teal, Tracey K. and Labou, Stephanie G. and Aukema, Juliann E. },
title = {Skills and Knowledge for Data-Intensive Environmental Research}, 
journal = {BioScience}, 
volume = {67}, 
number = {6}, 
year = {2017}, 
pages = {546-557}
}

@article{hernandez,
author = {Hernandez, Rebecca R. and Meyernik, Matthew S. and Murphy-Mariscal, Michelle L. and Allen, Michael F.}, 
title = {Advanced technologies and data management practives in environmenal science: Lessons from academia}, 
journal = {BioScience}, 
year = {2012}, 
volume = {62}, 
number = {12}, 
pages = {1067-1076}
}

@article{carpentry, 
author = {Teal, T. and Cranston, K. and Lapp, H. and White, E. and Wilson, G. and Ram, K. and Pawlik, A.}, 
title = {Data Carpentry: Workshops to increase data literacy for researchers}, 
journal = {International Journal of Digital Curation}, 
year = {2015}, 
volume = {10}, 
number = {1},
pages = {135-143}
}

@article{cobb, 
author = {Cobb, George}, 
title = {Mere Renovation is Too Little Too Late: We Need to Rethink our Undergraduate Curriculum from the Ground Up}, 
journal = {The American Statistician}, 
year = {2015}, 
volume = {69}, 
number = {4}, 
pages = {266-282}
}

@article{dunlang, 
author = {Nolan, Debra and Temple Lang, Duncan}, 
title = {Computing in the Statistics Curricula}, 
journal = {The American Statistician}, 
year = {2010}, 
volume = {64}, 
number = {2}, 
pages = {97-107}
}

@article{friedman, 
author = {Friedman, John}, 
year = {2001}, 
title = {The Role of Statistics in the Data Revolution}, 
journal = { International Statistics Review}, 
volume = {69}, 
pages = {5-10}
}

@article{hall, 
author = {Hall, Roger}, 
year = {2001}, 
title = {Schedules of practical work for the analysis of case studies of learning and development}, 
journal = {Journal of the Learning Sciences}, 
volume = {10}, 
number = {1-2}, 
pages = {201-222}
}

@article{pozzi, 
author = {Hoyles, Can and Noss, Roger and Pozzi, Sam}, 
title = {Proportional reasoning in nursing practice}, 
journal = {Journal for Research in Mathematics Education}, 
year = {2001}, 
volume = {32}, 
number = {1}, 
pages = {4-27}
}

@book{pcobb,
author = {Cobb, P. and Jackson, K. and Dunlap Sharpe, C.},
chapter = {Conducting Design Studies to Investigate and Support Mathematics Students' and Teachers' Learning},
editor = {J. Fagerberg and D.C. Mowery and R.R. Nelson}, 
booktitle = {Compendium for Research in Mathematics Education},
publisher = {National Council of Teachers of Mathematics},
address = {Reston, VA},
year = {2017}, 
pages = {208- 233}
}